@book{koza92,
		author    = "Koza, John R.",
		title     = "Genetic Programming: On the Programming of Computers by Means of Natural Selection",
		publisher = "MIT Press",
		year      = "1992"
}


@misc{ wiki:latex,
       author = "Wikipedia",
       title = "LaTeX --- Wikipedia{,} La enciclopedia libre",
       year = "2015",
       url = "https://es.wikipedia.org/w/index.php?title=LaTeX&oldid=84209252"
}

@misc{ viabilidadLegal,
       author = "FasterCapital",
       title = "Viabilidad legal como identificar y cumplir con las leyes y regulaciones que afectan su proyecto",
       year = "2024",
       url = "https://fastercapital.com/es/contenido/Viabilidad-legal--como-identificar-y-cumplir-con-las-leyes-y-regulaciones-que-afectan-su-proyecto.html"
}

@misc{ flutter,
	author = "Flutter",
    title = "Build for any screen",
    year = "2024",
	url="https://flutter.dev/"
}

@misc{ firebase,
	author = "Firebase",
    title = "Crea tu app lo mejor posible con Firebase y la IA generativa",
    year = "2024",
	url="https://firebase.google.com/?hl=es-419"
}

@misc{ crue,
	author = "CRUE",
    title = "Directrices para la introducción de la Sostenibilidad en el Curriculum",
	url="https://www.crue.org/wp-content/uploads/2020/02/Directrices_Sosteniblidad_Crue2012.pdf"
}

@misc{ wiki:ela,
	author = "Wikipedia",
    title = "Esclerosis lateral amiotrófica",
	url="https://es.wikipedia.org/wiki/Esclerosis_lateral_amiotr%C3%B3fica"
}

@misc{ wiki:ieee830-1998,
       author = "Wikipedia",
       title = "Especificación de requisitos de software",
       year = "2024",
       url = "https://es.wikipedia.org/wiki/Especificaci%C3%B3n_de_requisitos_de_software"
}

@misc{ flutter,
	author = "Flutter",
    title = "Learn Flutter any way you want",
	url="https://flutter.dev/learn"
}